<?xml version="1.0" encoding="UTF-8"?><collection xmlns="http://www.loc.gov/MARC21/slim"><record><leader>00622nam--2200193-i-4500</leader><controlfield tag="001">000013155</controlfield><controlfield tag="002">20161230</controlfield><controlfield tag="005">20161230201030</controlfield><controlfield tag="008">060222s1000------------r-----000-0-rum-d</controlfield><datafield ind1=" " ind2=" " tag="040"><subfield code="a">IFIN-HH</subfield></datafield><datafield ind1=" " ind2=" " tag="041"><subfield code="a">rum</subfield></datafield><datafield ind1=" " ind2=" " tag="080"><subfield code="a">519.765</subfield></datafield><datafield ind1="1" ind2=" " tag="100"><subfield code="a">Dinca, Alexandru</subfield></datafield><datafield ind1="1" ind2="0" tag="245"><subfield code="a">Metode distributionale algebrice in lingvistica</subfield><subfield code="b">Sub redactia prog. solomon marcus</subfield><subfield code="c">Alexandru dinca, veronica du feu, solomon marcus, liliana popa-burca, lucretia vasilescu, eva zsido</subfield></datafield><datafield ind1=" " ind2=" " tag="260"><subfield code="a">Bucuresti</subfield><subfield code="b">Editura Academiei Rsr</subfield><subfield code="c">1977</subfield></datafield><datafield ind1=" " ind2=" " tag="300"><subfield code="a">253P</subfield></datafield><datafield ind1="1" ind2=" " tag="700"><subfield code="a">Szido, Eva</subfield></datafield><datafield ind1=" " ind2=" " tag="852"><subfield code="a">47363</subfield><subfield code="c">519.4/5</subfield></datafield><datafield ind1=" " ind2=" " tag="CAT"><subfield code="a">Sys</subfield><subfield code="c">20130814</subfield><subfield code="h">125900</subfield></datafield></record></collection>